$body = @'
<ENVELOPE>
<HEADER><VERSION>1</VERSION><TALLYREQUEST>Import</TALLYREQUEST><TYPE>Data</TYPE><ID>All Masters</ID></HEADER>
<BODY><DESC>
<STATICVARIABLES>
<SVCURRENTCOMPANY>PAVISHA POLYMERS</SVCURRENTCOMPANY>
</STATICVARIABLES>
</DESC>
<DATA>
<TALLYMESSAGE>
<VOUCHER VCHTYPE="Journal" ACTION="Create">
<DATE>20260215</DATE>
<EFFECTIVEDATE>20260215</EFFECTIVEDATE>
<VOUCHERTYPENAME>Journal</VOUCHERTYPENAME>
<NARRATION>API TEST - DELETE ME</NARRATION>
<ALLLEDGERENTRIES.LIST>
 <LEDGERNAME>Cash</LEDGERNAME>
 <ISDEEMEDPOSITIVE>Yes</ISDEEMEDPOSITIVE>
 <AMOUNT>-100</AMOUNT>
</ALLLEDGERENTRIES.LIST>
<ALLLEDGERENTRIES.LIST>
 <LEDGERNAME>Profit &amp; Loss A/c</LEDGERNAME>
 <ISDEEMEDPOSITIVE>No</ISDEEMEDPOSITIVE>
 <AMOUNT>100</AMOUNT>
</ALLLEDGERENTRIES.LIST>
</VOUCHER>
</TALLYMESSAGE>
</DATA>
</BODY>
</ENVELOPE>
'@
$r = Invoke-WebRequest -Uri 'http://localhost:9000' -Method Post -Body $body -TimeoutSec 30 -UseBasicParsing
$r.Content
